% This file was created with JabRef 2.10.
% Encoding: UTF8


@InProceedings{Lab_manual_T8,
  Title                    = {{Experiment M8 Lifetime of positrons in matte, Laboratory class particle physics}},
  Author                   = {RWTH-Aachen},
  Year                     = {2013},
}
