% This file was created with JabRef 2.10.
% Encoding: UTF8


@InProceedings{Lab_manual,
  Title                    = {{Experiment XIII The Paul Trap Laboratory class particle physics}},
  Author                   = {RWTH-Aachen},
  Year                     = {2013},
}



