@article{Abachi:1996ey,
      author         = "Abachi, S. and others",
      title          = "{Measurement of the $W$ boson mass}",
      collaboration  = "D0",
      journal        = "Phys. Rev. Lett.",
      volume         = "77",
      year           = "1996",
      pages          = "3309-3314",
      doi            = "10.1103/PhysRevLett.77.3309",
      eprint         = "hep-ex/9607011",
      archivePrefix  = "arXiv",
      primaryClass   = "hep-ex",
      reportNumber   = "FERMILAB-PUB-96-177-E",
      SLACcitation   = "%%CITATION = HEP-EX/9607011;%%"
}